<?xml version="1.0" encoding="UTF-8"?>
<collection xmlns="http://www.loc.gov/MARC21/slim">
 <record>
  <leader>01819cam a2200469 a 4500</leader>
  <controlfield tag="001">565935</controlfield>
  <controlfield tag="005">20001010160200.0</controlfield>
  <controlfield tag="008">831017s1983    ilua     b    00000 eng  </controlfield>
  <datafield tag="010" ind1=" " ind2=" ">
   <subfield code="a">   81085896</subfield>
  </datafield>
  <datafield tag="020" ind1=" " ind2=" ">
   <subfield code="a">0918986362</subfield>
  </datafield>
  <datafield tag="035" ind1=" " ind2=" ">
   <subfield code="a">(ICU)BID7547968</subfield>
  </datafield>
  <datafield tag="035" ind1=" " ind2=" ">
   <subfield code="a">(OCoLC)10195512</subfield>
  </datafield>
  <datafield tag="039" ind1="0" ind2=" ">
   <subfield code="a">2</subfield>
   <subfield code="b">3</subfield>
   <subfield code="c">3</subfield>
   <subfield code="d">3</subfield>
   <subfield code="e">3</subfield>
  </datafield>
  <datafield tag="040" ind1=" " ind2=" ">
   <subfield code="a">DLC</subfield>
   <subfield code="c">DLC</subfield>
   <subfield code="d">ICU</subfield>
  </datafield>
  <datafield tag="041" ind1="0" ind2=" ">
   <subfield code="a">eng</subfield>
  </datafield>
  <datafield tag="043" ind1=" " ind2=" ">
   <subfield code="a">a-iq---</subfield>
  </datafield>
  <datafield tag="050" ind1="0" ind2=" ">
   <subfield code="a">GN855.I72</subfield>
   <subfield code="b">P74 1983</subfield>
  </datafield>
  <datafield tag="082" ind1="0" ind2=" ">
   <subfield code="a">956.7</subfield>
   <subfield code="2">19</subfield>
  </datafield>
  <datafield tag="245" ind1="0" ind2="0">
   <subfield code="a">Prehistoric archeology along the Zagros Flanks /</subfield>
   <subfield code="c">edited by Linda S. Braidwood ... [et al.]</subfield>
  </datafield>
  <datafield tag="260" ind1="0" ind2=" ">
   <subfield code="a">Chicago, Ill. :</subfield>
   <subfield code="b">Oriental Institute of the University of Chicago,</subfield>
   <subfield code="c">1983.</subfield>
  </datafield>
  <datafield tag="300" ind1=" " ind2=" ">
   <subfield code="a">ix, 695 p. :</subfield>
   <subfield code="b">ill. ;</subfield>
   <subfield code="c">31 cm.</subfield>
  </datafield>
  <datafield tag="440" ind1=" " ind2="0">
   <subfield code="a">University of Chicago Oriental Institute publications</subfield>
   <subfield code="v">v. 105</subfield>
  </datafield>
  <datafield tag="500" ind1=" " ind2=" ">
   <subfield code="a">Final reports of the Iraq-Jarmo Prehistoric Project.</subfield>
  </datafield>
  <datafield tag="504" ind1=" " ind2=" ">
   <subfield code="a">Includes bibliographies.</subfield>
  </datafield>
  <datafield tag="650" ind1=" " ind2="0">
   <subfield code="a">Prehistoric peoples</subfield>
   <subfield code="z">Iraq.</subfield>
  </datafield>
  <datafield tag="650" ind1=" " ind2="0">
   <subfield code="a">Agriculture</subfield>
   <subfield code="x">Origin</subfield>
  </datafield>
  <datafield tag="651" ind1=" " ind2="0">
   <subfield code="a">Jarmo Site (Iraq)</subfield>
  </datafield>
  <datafield tag="651" ind1=" " ind2="0">
   <subfield code="a">Iraq</subfield>
   <subfield code="x">Antiquities</subfield>
  </datafield>
  <datafield tag="650" ind1=" " ind2="7">
   <subfield code="a">Agriculture</subfield>
   <subfield code="x">Origin.</subfield>
   <subfield code="2">fast</subfield>
   <subfield code="0">http://id.worldcat.org/fast/fst00801574</subfield>
  </datafield>
  <datafield tag="650" ind1=" " ind2="7">
   <subfield code="a">Antiquities.</subfield>
   <subfield code="2">fast</subfield>
   <subfield code="0">http://id.worldcat.org/fast/fst00810745</subfield>
  </datafield>
  <datafield tag="650" ind1=" " ind2="7">
   <subfield code="a">Antiquities, Prehistoric.</subfield>
   <subfield code="2">fast</subfield>
   <subfield code="0">http://id.worldcat.org/fast/fst00810762</subfield>
  </datafield>
  <datafield tag="650" ind1=" " ind2="7">
   <subfield code="a">Prehistoric peoples.</subfield>
   <subfield code="2">fast</subfield>
   <subfield code="0">http://id.worldcat.org/fast/fst01075242</subfield>
  </datafield>
  <datafield tag="651" ind1=" " ind2="7">
   <subfield code="a">Iraq.</subfield>
   <subfield code="2">fast</subfield>
   <subfield code="0">http://id.worldcat.org/fast/fst01205757</subfield>
  </datafield>
  <datafield tag="651" ind1=" " ind2="7">
   <subfield code="a">Iraq</subfield>
   <subfield code="z">Jarmo Site.</subfield>
   <subfield code="2">fast</subfield>
   <subfield code="0">http://id.worldcat.org/fast/fst01244444</subfield>
  </datafield>
  <datafield tag="700" ind1="1" ind2="0">
   <subfield code="a">Braidwood, Linda S.</subfield>
  </datafield>
  <datafield tag="710" ind1="2" ind2="0">
   <subfield code="a">University of Chicago.</subfield>
   <subfield code="b">Oriental Institute</subfield>
  </datafield>
  <datafield tag="710" ind1="2" ind2="0">
   <subfield code="a">Iraq-Jarmo Prehistoric Project (1950-1955)</subfield>
  </datafield>
  <datafield tag="929" ind1=" " ind2=" ">
   <subfield code="t">LCC</subfield>
   <subfield code="c">SciASR</subfield>
   <subfield code="b">f</subfield>
   <subfield code="a">GN855.I72P9</subfield>
   <subfield code="l">ASR</subfield>
  </datafield>
  <datafield tag="927" ind1=" " ind2=" ">
   <subfield code="e">The John Crerar Library</subfield>
   <subfield code="d">CRERAR</subfield>
  </datafield>
  <datafield tag="927" ind1=" " ind2=" ">
   <subfield code="b">50002512</subfield>
  </datafield>
  <datafield tag="929" ind1=" " ind2=" ">
   <subfield code="t">LCC</subfield>
   <subfield code="c">Gen</subfield>
   <subfield code="b">f</subfield>
   <subfield code="a">GN855.I72P9</subfield>
   <subfield code="l">JRL</subfield>
  </datafield>
  <datafield tag="927" ind1=" " ind2=" ">
   <subfield code="b">23027847</subfield>
  </datafield>
 </record>
</collection>
